@article{CockburnGL2009,
  author  = {Cockburn, B. and Gopalakrishnan, J. and Lazarov, R.},
  title   = {Unified Hybridization of Discontinuous {G}alerkin, Mixed, and Continuous {G}alerkin Methods for Second Order Elliptic Problems},
  journal = {SIAM Journal on Numerical Analysis},
  volume  = {47},
  number  = {2},
  pages   = {1319--1365},
  year    = {2009},
  doi     = {10.1137/070706616},
}

@book{MeskourisH2013,
  title={Statik der Stabtragwerke: Einf{\"u}hrung in die Tragwerkslehre},
  author={Meskouris, K. and Hake, E.},
  isbn={9783540889922},
  series={Springer-Lehrbuch},
  year={2009},
  publisher={Springer Berlin Heidelberg}
}

@book{BauchauC2009,
  title={Structural Analysis: With Applications to Aerospace Structures},
  author={Bauchau, O.A. and Craig, J.I.},
  isbn={9789048125166},
  lccn={2009932893},
  series={Solid Mechanics and Its Applications},
  year={2009},
  publisher={Springer Netherlands}
}